@manual{pds4-im-v1H00, 
    author={{PDS4 Engineering Node}},
    title={{PD4 Information Model Version 1.17.0.0 (1.H.0.0)}},
    url={https://pds.nasa.gov/datastandards/documents/im/v1/index_1H00.html},
    organization = {{NASA/PDS \& IPDA}},
    year = {2021},
}
@manual{ogc-sensorml,
   title={{OGC SensorML: Model and XML Encoding Standard, Version 2.1}},
   organization={{Open Geospatial Consortium}},
   author={{Open Geospatial Consortium}},
   url={https://www.ogc.org/standards/sensorml},
   year=2020,
}
@article{Roberts:2018bi, 
year = {2018}, 
title = {{The SPASE Data Model: A Metadata Standard for Registering, Finding, Accessing, and Using Heliophysics Data Obtained From 
Observations and Modeling}}, 
author = {Roberts, D Aaron and Thieman, James and GÃ©not, Vincent and King, Todd and Gangloff, Michel and Perry, Chris and Wiegand, 
Chiu and Zeeuw, Darren De and Fung, Shing F and Cecconi, Baptiste and Hess, Sebastien}, 
journal = {Space Weather}, 
doi = {10.1029/2018sw002038}, 
url = {http://doi.wiley.com/10.1029/2018SW002038}, 
pages = {1899 -- 1911}, 
number = {12}, 
volume = {16}, 
language = {English}, 
keywords = {}, 
month = {12}, 
local-url = {file://localhost/Users/baptiste/Documents/Papers%20Library/Roberts/Roberts_2018_1.pdf}
}

@techreport{ivoa:epntap, 
year = {2021}, 
author = {Erard, S. and Cecconi, B and Sidaner, P Le and Demleitner, M and Taylor, M}, 
title = {{EPN-TAP:Publishing Solar System Data to the Virtual Observatory Version 2.0}}, 
url = {https://ivoa.net/documents/EPNTAP}, 
institution = {IVOA Proposed Recommendation 22 October 2021}, 
keywords = {}, 
month = {00}
}

@inproceedings{Louys:2015to, 
year = {2015}, 
author = {Louys, Mireille and Cecconi, Baptiste and Derriere, SŽbastien and Sidaner, Pierre Le}, 
title = {{Unique identifiers for facilities and instruments in astronomy and planetary science}}, 
url = {http://www.aspbooks.org/a/volumes/article_details/?paper_id=38495}, 
pages = {561}, 
volume = {512, Astronomical Data Analysis Software and Systems XXV}, 
series = {ASP Conference Series}, 
publisher = {ASP Conference Series}, 
keywords = {}, 
month = {11}, 
local-url = {file://localhost/Users/baptiste/Documents/Papers%20Library/Louys/Louys_2015_1.pdf}
}

@article{Hughes:2017bt, 
year = {2017}, 
rating = {0}, 
title = {{Enabling interoperability in planetary sciences and heliophysics: The case for an information model}}, 
author = {Hughes, J Steven and Crichton, Daniel J and Raugh, Anne C and Cecconi, Baptiste and Guinness, Edward A and Isbell, Christopher E and Mafi, Joseph N and Gordon, Mitchell K and Hardman, Sean H and Joyner, Ronald S}, 
journal = {Planetary and Space Science}, 
doi = {10.1016/j.pss.2017.04.005}, 
url = {https://doi.org/10.1016/j.pss.2017.04.005}, 
month = {4}, 
}

@manual{iso:oais, 
	Key = {{ISO 14721:2003}}, 
	Author = {{ISO Consortium}},
	organization = {{ISO, Geneva, Switzerland}}, 
	type = {{Norm}}, 
	title = {{Space data and information transfer systems -- Open archival information system -- Reference model}}, 
	number = {{ISO 14721}}, 
	year = {{2003}}, 
	url = {https://www.iso.org/standard/24683.html},
}

@manual{spase-model,
	Key = {{SPASE Model}},
	Author = {{SPASE Group}},
	Organization = {{SPASE Group \& IHDEA}}, 
	Year = {{2021}},
	type = {{Norm}},
	title = {{Space Physics Archive Search and Extract (SPASE) Base Information Model (version 2.6.0)}},
	doi = {10.48322/E72C-5Y75},
	} 